@inbook{goodchild2012interoperating,
  title        = {Introduction: Theory and Concepts},
  booktitle    = {Interoperating geographic information systems},
  author       = {Goodchild, Michael and Egenhofer, Max J and Fegeas, Robin and Kottman, Cliff},
  chapter      = {1},
  pages={1--4},
  year={2012},
  publisher={Springer Science \& Business Media}
}

@article{ogc,
  title={{Open geospatial consortium (OGC)}},
  author={van Rees, Eric},
  journal={GeoInformatiacs},
  volume={16},
  number={8},
  pages={28},
  year={2013},
  publisher={CMedia BV}
}

@article{tu2006web,
  title={Web services for geographic information systems},
  author={Tu, Shengru and Abdelguerfi, Mahdi},
  journal={IEEE internet Computing},
  volume={10},
  number={5},
  pages={13--15},
  year={2006},
  publisher={IEEE},
 }


@article{van2019best,
  title={Best practices for publishing, retrieving, and using spatial data on the web},
  author={van den Brink, Linda and Barnaghi, Payam and Tandy, Jeremy and Atemezing, Ghislain and Atkinson, Rob and Cochrane, Byron and Fathy, Yasmin and Garc{\'\i}a Castro, Ra{\'u}l and Haller, Armin and Harth, Andreas and others},
  journal={Semantic Web},
  volume={10},
  number={1},
  pages={95--114},
  year={2019},
  publisher={IOS Press}
}
@article{harrison2001introduction,
  title={Introduction to OGC Web Services},
  author={Harrison, Jeff and Reichardt, Mark},
  journal={ed: Open GIS Consortium},
  year={2001}
}
@book{masser2019geographic,
  title={{Geographic Information Systems to Spatial Data Infrastructures: A Global Perspective}},
  author={Masser, Ian},
  year={2019},
  publisher={CRC Press}
}
@article{silvadiretiva,
  title={{A Diretiva INSPIRE e os novos formatos OGC no dom{\'\i}nio da interoperabilidade de dados geogr{\'a}ficos e servi{\c{c}}os em meteorologia e climatologia.}},
  author={Silva, {\'A}lvaro and Cunha, Sofia},
  year={2013},
}

@article{inspire,
  title={{Establishing an infrastructure for spatial in-formation in the European Community (INSPIRE)}},
  author={European Union},
  journal={Official Journal of the European Union},
  year={2007},
}



@article{dataweb,
  title={{Data on the WebBest  Practices}},
  author={Farias Lóscio, C. Burle and N. Calegari},
  journal={W3C  Recommendation},
  year={2017},
}

@article{fg2019terrabrasilis,
  title={{TerraBrasilis: A spatial data analytics infrastructure for large-scale thematic mapping}},
  author={FG Assis, Luiz Fernando and Ferreira, Karine Reis and Vinhas, Lubia and Maurano, Luis and Almeida, Claudio and Carvalho, Andre and Rodrigues, Jether and Maciel, Adeline and Camargo, Claudinei},
  journal={ISPRS International Journal of Geo-Information},
  volume={8},
  number={11},
  pages={513},
  year={2019},
  publisher={Multidisciplinary Digital Publishing Institute}
}
@article{mumbaikar2013web,
  title={Web services based on soap and rest principles},
  author={Mumbaikar, Snehal and Padiya, Puja and others},
  journal={International Journal of Scientific and Research Publications},
  volume={3},
  number={5},
  pages={1--4},
  year={2013},
  publisher={Citeseer}
}

@article{tihomirovs2016comparison,
  title={Comparison of soap and rest based web services using software evaluation metrics},
  author={Tihomirovs, Juris and Grabis, J{\=a}nis},
  journal={Information technology and management science},
  volume={19},
  number={1},
  pages={92--97},
  year={2016}
}
@article{wagh2012comparative,
  title={A comparative study of soap vs rest web services provisioning techniques for mobile host},
  author={Wagh, Kishor and Thool, Ravindra},
  journal={Journal of Information Engineering and Applications},
  volume={2},
  number={5},
  pages={12--16},
  year={2012}
}

@article{lopez2011review,
  title={A review of the implementation of OGC Web Services across Europe},
  author={Lopez-Pellicer, Francisco J and B{\'e}jar, Rub{\'e}n and Florczyk, Aneta J and Muro-Medrano, Pedro R and Zarazaga-Soria, F Javier},
  journal={International Journal of Spatial Data Infrastructures Research},
  volume={6},
  pages={168--186},
  year={2011}
}

@inproceedings{titov,
  title={Geospatial meteorological and climatic data services application programming interface},
  author={Titov, AG},
  booktitle={{IOP Conference Series: Earth and Environmental Science}},
  volume={611},
  number={1},
  pages={012059},
  year={2020},
  organization={IOP Publishing}
}
@article{chang2016geographic,
  title={Geographic information system},
  author={Chang, Kang-Tsung},
  journal={International Encyclopedia of Geography: People, the Earth, Environment and Technology: People, the Earth, Environment and Technology},
  pages={1--9},
  year={2016},
  publisher={Wiley Online Library}
}
@book{sinha2006geoinformatics,
  title={Geoinformatics: data to knowledge},
  author={Sinha, A Krishna},
  volume={397},
  year={2006},
  publisher={Geological Society of America}
}


@inproceedings{ogcapi,
    author = {OGC-API},
    title = {Acesso em 25 de novembro de 2020},
    url = {https://ogcapi.ogc.org/},
    year = {2020},
}
@article{simoes2022datos,
  title={Datos Geoespaciales en la web (en la era de REST, JSON y OpenAPI)},
  author={Simoes, Joana},
  year={2022},
  publisher={Universitat de Girona. Servei de Sistemes d'Informaci{\'o} Geogr{\`a}fica i Teledetecci{\'o}}
}
@article{introows,
  title={{Introduction to OGC Web Services}},
  author={Harrison, Jeff and Reichardt, Mark},
  journal={ed: Open GIS Consortium},
  year={2001}
}
@misc{bukh1992art,
  title={The art of computer systems performance analysis, techniques for experimental design, measurement, simulation and modeling},
  author={Bukh, Per Nikolaj D},
  year={1992},
  publisher={JSTOR}
}

@article{simoes2022serving,
  title={{Serving Geospatial Data Using Modern and Legacy Standards: a Case Study from the Urban Health Domain}},
  author={Simoes, J and Cerciello, A},
  journal={International Archives of the Photogrammetry, Remote Sensing and Spatial Information Sciences},
  volume={48},
  pages={4},
  year={2022}
}
@inproceedings{aihkisalo2012latencies,
  title={Latencies of service invocation and processing of the rest and soap web service interfaces},
  author={Aihkisalo, Tommi and Paaso, Tuomas},
  booktitle={2012 IEEE eighth world congress on services},
  pages={100--107},
  year={2012},
  organization={IEEE}
}
@article{wilkinson2016fair,
  title={The FAIR Guiding Principles for scientific data management and stewardship},
  author={Wilkinson, Mark D and Dumontier, Michel and Aalbersberg, IJsbrand Jan and Appleton, Gabrielle and Axton, Myles and Baak, Arie and Blomberg, Niklas and Boiten, Jan-Willem and da Silva Santos, Luiz Bonino and Bourne, Philip E and others},
  journal={Scientific data},
  volume={3},
  number={1},
  pages={1--9},
  year={2016},
  publisher={Nature Publishing Group}
}

@article{brumadinho,
    author = {Davis Jr, Clodoveu and Rena, Natacha and Nicolau, Luci and Pinheiro, Michele},
    title = {{Infraestruturas de Dados Espaciais na Redução de Riscos Associados a Barragens}},
    year = {2020},
    journal = {{2º Simpósio Brasileiro de Infraestrutura de Dados Espaciais}},

}
@article{lindageo,
    author = {IWAMA, Allan and PY, Hesley and Albagli, Sarita and Lourenço, Suzana and Muniz, Lúcia and Cordeiro, Thiago and Lima, Miguel and Donseca, Felipe and Novaes, Rene and Barbosa, Carolina and Alvez, Jorge and Sartori, Gabriela},
    title = {{Lindageo - Litoral Norte Dados Abertos Geoespaciais: Buscando Sinergias para a Construção de uma IDE Regional}},
    year = {2020},
    journal = {{2º Simpósio Brasileiro de Infraestrutura de Dados Espaciais}},

}
@techreport{booth2004web,
  title={Web Service Architecture http://www. w3. org},
  author={Booth, David and Haas, Hugo and McCabe, F and Newcomer, E and Champion, M and FER-RIS, C and OR-CHARD, D},
  year={2004},
  institution={TR/ws-arch}
}
@article{bhgeo,
    author = {Rezende, Lidiane and Costa, Luiz and Borges, Karla},
    title = {{Parceria: Chave de sucesso na IDE da Prefeitura de Belo Horizonte}},
    year = {2020},
    journal = {2º Simpósio Brasileiro de Infraestrutura de Dados Espaciais},

}
@article{indewms,
    author = {Pinheiro, Julierme and Vieira, Alen and Almeida, Warley and Bueno, Luis, Elaine and Elias, Elias and Fernandes, Vivian and Brito, Patricia},
    title = {{INDE: Plugin QGIS para Interoperabilidade de Dados}},
    year = {2020},
    journal = {2º Simpósio Brasileiro de Infraestrutura de Dados Espaciais},

}
@article{ideba,
    author = {De Jesus, Elaine and Elias, Elias and Fernandes, Vivian and Brito, Patricia},
    title = {{Avaliação da qualidade de dados geoespaciais do geoportal da infraestrutura de dados do estado da Bahia (IDE/BA)}},
    year = {2018},
    journal = {1º Simpósio Brasileiro de Infraestrutura de Dados Espaciais},

}
@inproceedings{ogc/ide,
    author = {Bermudez, Luis},
    title = {{Padrões OGC para Infraestruturas de Dados Espaciais modernas}},
    year = {2014},
    url = {http://mundogeoconnect.com/2014/arquivos/palestras/7-maio-d-luis-bermudez.pdf},
    booktitle = {MundoGeo Connect Latin America 2014},
}

@inproceedings{decretoinde,
    author = {Brasil},
    title = {{DECRETO Nº 6.666,  Institui, no âmbito do Poder Executivo federal, a Infra-Estrutura Nacional de Dados Espaciais - INDE}},
    year = {2008},
    url = {http://www.planalto.gov.br/ccivil_03/_ato2007-2010/2008/decreto/d6666.htm},
}

@inproceedings{abbas,
    author = {Rajabifard, Abbas and Williamson, Ian},
    title = {{Spatial data infrastructures: concept, SDI hierarchy and future direction}},
    year = {2001},
    address = {Iran},
    url = {http://hdl.handle.net/11343/33897},
    booktitle = {GEOMATICS'80 Conference},
    numpages = {11},
}

@inproceedings{localide,
author = {Davis Jr, Clodoveu and Alves, Leonardo},
year = {2006},
month = {01},
title = {{Infra-estruturas de Dados Espaciais: Potencial para Uso Local}},
volume = {8},
journal = {Informática Pública}
}

@electronic{ogcapisection,
 author = {OGC-API},
 title = {{APIs Standard}},
 url = {https://ogcapi.ogc.org/},
 urldate = {26.02.2021},
 originalyear = {2020}
}

@inproceedings{borba,
author = {Cardoso, Gabriel and Strauh, Julia Celia and Borba, Rogério},
year = {2020},
title = {{APIs para IDEs Inteligentes: Comparação e Perspectiva com Novos Serviços do OGC}},
booktitle = {2º Simpósio Brasileiro de Infraestrutura de Dados Espaciais},
}
@article{blanc2022ogc,
  title={{OGC API state of play--a practical testbed for the national spatial data infrastructure in Switzerland}},
  author={Blanc, Nicolas and Cannata, Massimiliano and Collombin, Maxime and Ertz, Olivier and Giuliani, Gregory and Ingensand, Jens},
  journal={The international archives of the photogrammetry, remote sensing and spatial information sciences},
  volume={48},
  pages={59--65},
  year={2022}
}
@article{open2019ogc,
  title={OGC API—Features—Part 1: Core},
  author={Open Geospatial Consortium and others},
  journal={Implementation Standard},
  year={2019}
}
@article{shatnawi2017reverse,
  title={Reverse engineering reusable software components from object-oriented APIs},
  author={Shatnawi, Anas and Seriai, Abdelhak-Djamel and Sahraoui, Houari and Alshara, Zakarea},
  journal={Journal of Systems and Software},
  volume={131},
  pages={442--460},
  year={2017},
  publisher={Elsevier}
}

@STRING{CVPR = {Proceedings of the {IEEE} Conference on Computer Vision and Pattern Recognition ({CVPR})}}

@STRING{ICCV = {Proceedings of the {IEEE} International Conference on Computer Vision ({ICCV})}}

@INPROCEEDINGS{bichsel92simple,
  author = {M. Bichsel and Alex P. Pentland},
  title = {A Simple Algorithm For Shape From Shading},
  booktitle = CVPR,
  year = {1992},
  pages = {459--465},
  url = {citeseer.csail.mit.edu/bichsel92simple.html},
}

@INPROCEEDINGS{dror01statistics,
  author = {Ron O. Dror and Thomas K. Leung and Edward H. Adelson and Alan S. Willsky},
  title = {Statistics of Real-World Illumination},
  booktitle = CVPR,
  year = {2001},
  month = {December},
}

@INPROCEEDINGS{guisser92new,
  author = {Latifa Guisser and René Payrissat and Serge Castan},
  title = {A new {3-D} surface measurement system using a structured light},
  booktitle = CVPR,
  year = {1992},
  pages = {784--786},
  month = {June},
}

@BOOK{horn86robot,
  title = {Robot Vision},
  publisher = {McGraw-Hill Book Company, Cambridge, Massachusetts},
  year = {1986},
  author = {Berthold Klaus Paul Horn},
  note = {MIT Electrical Engineering and Computer Science Series},
}

@INPROCEEDINGS{hougen93estimation,
  author = {Darrel R. Hougen and Narendra Ahuja},
  title = {Estimation Of The Light Source Distribution And Its Use In Integrated Shape Recovery From Stereo And Shading},
  booktitle = ICCV,
  year = {1993},
  pages = {148--155},
}

@INPROCEEDINGS{samaras99coupled,
  author = {Dimitris Samaras and Dimitris Metaxas},
  title = {Coupled Lighting Direction and Shape Estimation from Single Images},
  booktitle = ICCV,
  year = {1999},
  pages = {868--874},
}

@INPROCEEDINGS{sato01stability,
  author = {Imari Sato and Yoichi Sato and Katsushi Ikeuchi},
  title = {Stability Issues in Recovering Illumination Distribution from Brightness in Shadows},
  booktitle = CVPR,
  year = {2001},
  pages = {400--407},
  month = {December},
}

@INPROCEEDINGS{sato99illumination2,
  author = {Imari Sato and Yoichi Sato and Katsushi Ikeuchi},
  title = {Illumination Distribution from Brightness in Shadows: Adaptive Estimation of Illumination Distribution with Unknown Reflectance Properties in Shadow Regions},
  booktitle = ICCV,
  year = {1999},
  pages = {875--882},
  month = {September},
  citeseerurl = {http://citeseer.lcs.mit.edu/sato99illumination.html},
}

@INPROCEEDINGS{sato99illumination1,
  author = {Imari Sato and Yoichi Sato and Katsushi Ikeuchi},
  title = {Illumination Distribution from Shadows},
  booktitle = CVPR,
  year = {1999},
  pages = {306--312},
  month = {June},
}

@ARTICLE{shashua97photometric,
  author = {Amnon Shashua},
  title = {On Photometric Issues in {3D} Visual Recognition from a Single {2D} Image},
  journal = {International Journal of Computer Vision ({IJCV})},
  year = {1997},
  volume = {21},
  pages = {99--122},
  number = {1/2},
}

@article{robillard2009makes,
  title={What makes APIs hard to learn? Answers from developers},
  author={Robillard, Martin P},
  journal={IEEE software},
  volume={26},
  number={6},
  pages={27--34},
  year={2009},
  publisher={IEEE}
}
@article{meng2018application,
  title={Application programming interface documentation: what do software developers want?},
  author={Meng, Michael and Steinhardt, Stephanie and Schubert, Andreas},
  journal={Journal of Technical Writing and Communication},
  volume={48},
  number={3},
  pages={295--330},
  year={2018},
  publisher={SAGE Publications Sage CA: Los Angeles, CA}
}
@article{fielding2000rest,
  title={REST: architectural styles and the design of network-based software architectures},
  author={Fielding, Roy Thomas},
  journal={Doctoral dissertation, University of California},
  year={2000}
}
@inproceedings{pautasso2008restful,
  title={Restful web services vs." big"'web services: making the right architectural decision},
  author={Pautasso, Cesare and Zimmermann, Olaf and Leymann, Frank},
  booktitle={Proceedings of the 17th international conference on World Wide Web},
  pages={805--814},
  year={2008}
}
@inproceedings{de2013comparative,
  title={Comparative evaluation of the maintainability of RESTful and SOAP-WSDL web services},
  author={de Oliveira, Ricardo Ramos and Sanchez, Robson Vin{\'\i}cius Vieira and Estrella, J{\'u}lio Cezar and de Mattos Fortes, Renata Pontin and Brusamolin, Val{\'e}rio},
  booktitle={2013 IEEE 7th International Symposium on the Maintenance and Evolution of Service-Oriented and Cloud-Based Systems},
  pages={40--49},
  year={2013},
  organization={IEEE}
}

@article{castillo2011soap,
  title={SOAP vs REST: Comparing a master-slave GA implementation},
  author={Castillo, Pedro A and Bernier, Jose Luis and Arenas, Maribel Garcia and Merelo, JJ and Garcia-Sanchez, Pablo},
  journal={arXiv preprint arXiv:1105.4978},
  year={2011}
}
@article{whiteside2010ogc,
  title={OGC Web Services Common Standard. Version 2.0. 0.},
  author={Whiteside, Arliss and Greenwood, Jim},
  year={2010},
  publisher={Open Geospatial Consortium}
}
@misc{christensen2001web,
  title={Web services description language (WSDL) 1.1},
  author={Christensen, Erik and Curbera, Francisco and Meredith, Greg and Weerawarana, Sanjiva and others},
  year={2001},
  publisher={Citeseer}
}
@misc{box2000simple,
  title={Simple object access protocol (SOAP) 1.1},
  author={Box, Don and Ehnebuske, David and Kakivaya, Gopal and Layman, Andrew and Mendelsohn, Noah and Nielsen, Henrik Frystyk and Thatte, Satish and Winer, Dave},
  year={2000}
}
@INPROCEEDINGS{6632733,
  author={de Oliveira, Ricardo Ramos and Vieira Sanchez, Robson Vinícius and Estrella, Júlio Cezar and Pontin de Mattos Fortes, Renata and Brusamolin, Valério},
  booktitle={2013 IEEE 7th International Symposium on the Maintenance and Evolution of Service-Oriented and Cloud-Based Systems}, 
  title={Comparative evaluation of the maintainability of RESTful and SOAP-WSDL web services}, 
  year={2013},
  volume={},
  number={},
  pages={40-49},
  doi={10.1109/MESOCA.2013.6632733}}
@article{almeida2002introduccao,
  title={Uma introdu{\c{c}}{\~a}o ao XML, sua utiliza{\c{c}}{\~a}o na Internet e alguns conceitos complementares},
  author={Almeida, Maur{\'\i}cio Barcellos},
  journal={Ci{\^e}ncia da informa{\c{c}}{\~a}o},
  volume={31},
  pages={5--13},
  year={2002},
  publisher={SciELO Brasil}
}
@article{mumbaikar2013web,
  title={Web services based on soap and rest principles},
  author={Mumbaikar, Snehal and Padiya, Puja and others},
  journal={International Journal of Scientific and Research Publications},
  volume={3},
  number={5},
  pages={1--4},
  year={2013},
  publisher={Citeseer}
}
@article{kong2011web,
  title={A web-based geographic hypermedia system: Data model, system design and prototype applications},
  author={Kong, Yunfeng and Liu, Xinliang},
  journal={Geo-spatial Information Science},
  volume={14},
  number={4},
  pages={294--302},
  year={2011},
  publisher={Springer}
}
@inproceedings{zibran2011useful,
  title={Useful, but usable? factors affecting the usability of APIs},
  author={Zibran, Minhaz F and Eishita, Farjana Z and Roy, Chanchal K},
  booktitle={2011 18th Working Conference on Reverse Engineering},
  pages={151--155},
  year={2011},
  organization={IEEE}
}